<marc:record xmlns:marc="http://www.loc.gov/MARC21/slim" xmlns:xsi="http://www.w3.org/2001/XMLSchema-instance" xsi:schemaLocation="http://www.loc.gov/MARC21/slim http://www.loc.gov/standards/marcxml/schema/MARC21slim.xsd">
  <marc:leader>     cam a2200325 a 45M</marc:leader>
  <marc:controlfield tag="001">001943224</marc:controlfield>
  <marc:controlfield tag="003">NNU</marc:controlfield>
  <marc:controlfield tag="005">19940713181853.0</marc:controlfield>
  <marc:controlfield tag="008">870625q19001989ua h     b    001 0 arar </marc:controlfield>
  <marc:datafield tag="010" ind1=" " ind2=" ">
    <marc:subfield code="a">87960059</marc:subfield>
  </marc:datafield>
  <marc:datafield tag="035" ind1="9" ind2=" ">
    <marc:subfield code="a">NYUb10887940</marc:subfield>
  </marc:datafield>
  <marc:datafield tag="035" ind1=" " ind2=" ">
    <marc:subfield code="a">(CStRLIN)NYUG87-B21195</marc:subfield>
  </marc:datafield>
  <marc:datafield tag="035" ind1=" " ind2=" ">
    <marc:subfield code="a">GLIS008879408</marc:subfield>
  </marc:datafield>
  <marc:datafield tag="050" ind1="0" ind2=" ">
    <marc:subfield code="a">PJ6131.M35</marc:subfield>
    <marc:subfield code="b">K584 1900z</marc:subfield>
  </marc:datafield>
  <marc:datafield tag="090" ind1=" " ind2=" ">
    <marc:subfield code="a">PJ6131.M35</marc:subfield>
    <marc:subfield code="b">K584 1900z</marc:subfield>
    <marc:subfield code="i">07/30/91 CT</marc:subfield>
  </marc:datafield>
  <marc:datafield tag="100" ind1="1" ind2=" ">
    <marc:subfield code="a">Ibn Jinnī, Abū al-Fatḥ ʻUthmān,</marc:subfield>
    <marc:subfield code="d">d. 1002.</marc:subfield>
  </marc:datafield>
  <marc:datafield tag="245" ind1="1" ind2="3">
    <marc:subfield code="a">al-Munṣif /</marc:subfield>
    <marc:subfield code="c">sharḥ Abī al-Fatḥ ʻUthmān ibn Jinnī al-Naḥwī li-Kitāb al-taṣrīf / li-Abī ʻUthmān al-Māzinī al-Naḥwī al-Baṣrī ; bi-taḥqīq Ibrāhīm Muṣṭafá, ʻAbd Allāh Amīn.</marc:subfield>
  </marc:datafield>
  <marc:datafield tag="260" ind1=" " ind2=" ">
    <marc:subfield code="a">[Cairo], Miṣr :</marc:subfield>
    <marc:subfield code="b">Muṣṭafá al-Bābī al-Ḥalabī,</marc:subfield>
    <marc:subfield code="c">[19--]</marc:subfield>
  </marc:datafield>
  <marc:datafield tag="300" ind1=" " ind2=" ">
    <marc:subfield code="a">3 v. :</marc:subfield>
    <marc:subfield code="b">facsims. ;</marc:subfield>
    <marc:subfield code="c">24 cm.</marc:subfield>
  </marc:datafield>
  <marc:datafield tag="500" ind1=" " ind2=" ">
    <marc:subfield code="a">Reprint. Originally published: al-Ṭabʻah 1. [Cairo] : Wizārat al-Maʻārif al-ʻUmūmīyah, Idārat Iḥyāʼ al-Turāth al-Qadīm, Idārat al-Thaqāfah al-ʻĀmmah, 1954-1960.</marc:subfield>
  </marc:datafield>
  <marc:datafield tag="504" ind1=" " ind2=" ">
    <marc:subfield code="a">Includes bibliographical references and indexes.</marc:subfield>
  </marc:datafield>
  <marc:datafield tag="600" ind1="1" ind2="0">
    <marc:subfield code="a">Māzinī, Bakr ibn Muḥammad,</marc:subfield>
    <marc:subfield code="d">9th cent.</marc:subfield>
    <marc:subfield code="t">Kitāb al-taṣrīf.</marc:subfield>
  </marc:datafield>
  <marc:datafield tag="650" ind1=" " ind2="0">
    <marc:subfield code="a">Arabic language</marc:subfield>
    <marc:subfield code="x">Morphology</marc:subfield>
    <marc:subfield code="v">Early works to 1800.</marc:subfield>
  </marc:datafield>
  <marc:datafield tag="700" ind1="1" ind2=" ">
    <marc:subfield code="a">Amīn, ʻAbd Allāh.</marc:subfield>
  </marc:datafield>
  <marc:datafield tag="700" ind1="1" ind2=" ">
    <marc:subfield code="a">Muṣṭafá, Ibrāhīm.</marc:subfield>
  </marc:datafield>
  <marc:datafield tag="700" ind1="1" ind2=" ">
    <marc:subfield code="a">Māzinī, Bakr ibn Muḥammad,</marc:subfield>
    <marc:subfield code="d">9th cent.</marc:subfield>
    <marc:subfield code="t">Kitāb al-taṣrīf.</marc:subfield>
  </marc:datafield>
  <marc:datafield tag="950" ind1=" " ind2=" ">
    <marc:subfield code="l">BMAIN</marc:subfield>
    <marc:subfield code="n">455:sl\Unanalyzed\</marc:subfield>
    <marc:subfield code="i">07/30/91 C</marc:subfield>
  </marc:datafield>
  <marc:datafield tag="955" ind1=" " ind2=" ">
    <marc:subfield code="l">BMAIN</marc:subfield>
    <marc:subfield code="c">1:v.3</marc:subfield>
    <marc:subfield code="q">87-B21195-1</marc:subfield>
    <marc:subfield code="r">015556684</marc:subfield>
    <marc:subfield code="i">07/30/91 C</marc:subfield>
  </marc:datafield>
  <marc:datafield tag="955" ind1=" " ind2=" ">
    <marc:subfield code="l">BMAIN</marc:subfield>
    <marc:subfield code="c">1:v.2</marc:subfield>
    <marc:subfield code="q">87-B21195-1</marc:subfield>
    <marc:subfield code="r">015556692</marc:subfield>
    <marc:subfield code="i">07/30/91 C</marc:subfield>
  </marc:datafield>
  <marc:datafield tag="955" ind1=" " ind2=" ">
    <marc:subfield code="l">BMAIN</marc:subfield>
    <marc:subfield code="c">1:v.1</marc:subfield>
    <marc:subfield code="q">87-B21195-1</marc:subfield>
    <marc:subfield code="r">015556700</marc:subfield>
    <marc:subfield code="i">07/30/91 C</marc:subfield>
  </marc:datafield>
  <marc:datafield tag="998" ind1=" " ind2=" ">
    <marc:subfield code="a">07/30/91</marc:subfield>
    <marc:subfield code="t">b</marc:subfield>
    <marc:subfield code="s">9110</marc:subfield>
    <marc:subfield code="n">NNU</marc:subfield>
    <marc:subfield code="w">MIUG90B25338</marc:subfield>
    <marc:subfield code="d">06/25/87</marc:subfield>
    <marc:subfield code="b">MG</marc:subfield>
    <marc:subfield code="i">910730</marc:subfield>
    <marc:subfield code="l">NYUG</marc:subfield>
  </marc:datafield>
</marc:record>
